<record><leader>00000cas a22000007a 4500</leader><controlfield tag="001">10922599</controlfield><controlfield tag="008">840706d18991906ohuwr ne      0    0eng d</controlfield><controlfield tag="009">3783</controlfield><datafield ind1=" " ind2=" " tag="010"><subfield code="a">sn 84028326 </subfield></datafield><datafield ind1=" " ind2=" " tag="040"><subfield code="a">NPY</subfield><subfield code="b">eng</subfield><subfield code="c">NPY</subfield><subfield code="d">ONP</subfield><subfield code="d">OCL</subfield></datafield><datafield ind1=" " ind2=" " tag="042"><subfield code="a">msc</subfield></datafield><datafield ind1="0" ind2=" " tag="130"><subfield code="a">Tribune (Oberlin, Ohio)</subfield></datafield><datafield ind1="0" ind2="4" tag="245"><subfield code="a">The Tribune.</subfield></datafield><datafield ind1=" " ind2=" " tag="260"><subfield code="a">Oberlin, Ohio :</subfield><subfield code="b">Tribune Pub. Co.,</subfield><subfield code="c">1899-1906.</subfield></datafield><datafield ind1=" " ind2=" " tag="300"><subfield code="a">v.</subfield></datafield><datafield ind1=" " ind2=" " tag="310"><subfield code="a">Weekly</subfield></datafield><datafield ind1="0" ind2=" " tag="362"><subfield code="a">Vol. 5, no. 27 (June 2, 1899)-v. 12, no. 26 (May 4, 1906).</subfield></datafield><datafield ind1=" " ind2=" " tag="500"><subfield code="a">"Republican."</subfield></datafield><datafield ind1=" " ind2=" " tag="515"><subfield code="a">Issues for Jan. 4-Feb. 1, 1901 misdated 1900.</subfield></datafield><datafield ind1=" " ind2=" " tag="500"><subfield code="a">Editor: J.W. Kinney.</subfield></datafield><datafield ind1=" " ind2=" " tag="752"><subfield code="a">United States</subfield><subfield code="b">Ohio</subfield><subfield code="c">Lorain</subfield><subfield code="d">Oberlin.</subfield></datafield><datafield ind1="0" ind2="0" tag="780"><subfield code="t">Owl (Oberlin, Ohio)</subfield><subfield code="w">(OCoLC)17537215</subfield><subfield code="w">(DLC)sn 91069137</subfield></datafield><datafield ind1="0" ind2="0" tag="785"><subfield code="t">Oberlin tribune</subfield><subfield code="w">(DLC)sn 84028327</subfield></datafield></record>